
@Article{Nierenberg1989,
  author =      {DW Nierenberg and TA Stukel and JA Baron and BJ Dain and ER Greenberg},
  title =       {Determinants of plasma levels of beta-carotene and retinol},
  journal =     {American Journal of Epidemiology},
  volume =		130,
  year =        1989,
  pages =     {511-521}}

@misc{UCIMLR,
	author = {UCI Machine Learning Repository},
	journal = {Center for Machine Learning and Intelligent Systems},
	title = {Car Evaluation Data Set},
	howpublished = "http://archive.ics.uci.edu/ml/datasets/Car+Evaluation"
	}

@misc{CHUCKSCG,
	author = {Chuck Anderson},
	journal = {CS545: Machine Learning (Class Notes)},
	title = {The Scaled Conjugate Gradient Algorithm},
	year = 2012,
	howpublished = "http://www.cs.colostate.edu/~anderson/cs545/index.html/doku.php?id=notes:neuralnetscg"
	}

@misc{CHUCKGEN,
	author = {Chuck Anderson},
	journal = {CS545: Machine Learning (Class Notes)},
	title = {Generative Classification},
	year = 2012,
	howpublished = "http://www.cs.colostate.edu/~anderson/cs545/index.html/doku.php?id=notes:generativeclassification1"
	}

@misc{ELEMSTAT,
	author = {Trevor Hastie and Robert Tibshirani and Jerome Friedman},
	title = {The Elements of Statistical Learning},
	year = 2012,
	howpublished = "http://www-stat.stanford.edu/~tibs/ElemStatLearn/"
	}

@misc{MATRIXPLUGIN,
	author = {Robert Delaney},
	title = {Matrix Plugin},
	year = 2012,
	howpublished = "http://delaneyrm.com/MatrixPlugin.html"
	}

@misc{ROSSCHAT,
	author = {J. Ross Beveridge},
	title = {Personal Communication},
	year = 2012,
	month = 12,
	date = 9,
	}
	
@Article{Bohanec1988,
  author = {M. Bohanec and V. Rajkovic},
  title = {Knowledge acquisition and explanation for multi-attribute decision making},
  journal = {8th Intl Workshop on Expert Systems and their Applications},
  year = 1988,
  pages = {59-78}}
  
@Article{Domingos2012,
  author =      {Pedro Domingos},
  title =       {A few useful things to know about machine learning},
  journal =     {Communications of the ACM},
  volume =		55,
  number =      10,
  year =        2012,
  pages =     {78-87}}

@Book{AIFORGAMES,
	author = {Ian Millington and John Funge},
	title = {Artificial Intelligence for Games (2nd Ed.)},
	publisher = {Elsevier},
	year = 2009
}

@Article{Strout2003,
	author = {Joe Strout},
	title = {Path-Finding: For Independent Developers},
	journal = {REALbasic Developer},
	volume = 1,
	issue = 5,
	year = 2003,
	pages = {15-20}}
	
	